% This file was created with JabRef 2.5.
% Encoding: Cp1252

@Book{vahid2011digital,
 author = {Vahid, Frank},
 title = {Digital design, with RTL design, VHDL, and Verilog},
 publisher = {Wiley},
 year = {2011},
 address = {Hoboken, NJ},
 isbn = {978-0470531082}
 }

@Book{davies2008msp430,
 author = {Davies, J. H.},
 title = {MSP430 microcontroller basics},
 publisher = {Newnes},
 year = {2008},
 address = {Oxford},
 isbn = {978-0750682763}
 }
